<?xml version="1.0" encoding="UTF-8"?><collection xmlns="http://www.loc.gov/MARC21/slim"><record><leader>00317nam--2200121-i-4500</leader><controlfield tag="001">000044978</controlfield><controlfield tag="002">20161230</controlfield><controlfield tag="005">20161230201044</controlfield><controlfield tag="008">060222s1000------------r-----000-0-eng-d</controlfield><datafield ind1=" " ind2=" " tag="245"><subfield code="a">Perspectives in organic chemistry</subfield></datafield><datafield ind1=" " ind2=" " tag="260"><subfield code="a">New York, Interscience Publ., Inc., 1956, X+527p</subfield></datafield><datafield ind1=" " ind2=" " tag="700"><subfield code="a">Todd,Alexander</subfield></datafield><datafield ind1=" " ind2=" " tag="852"><subfield code="a">14597</subfield></datafield></record></collection>